@book{jaynes2003,
  title={Probability theory: the logic of science},
  author={Jaynes, Edwin T},
  year={2003},
  publisher={Cambridge university press}
}

@book{bishop1973,
  title={Schizophrenia in contemporary mathematics},
  author={Bishop, Errett},
  year={1973},
  publisher={American Mathematical Society}
}

@article{jones1990,
  title={Probabilistic non-determinism},
  author={Jones, Claire},
  year={1990},
  publisher={University of Edinburgh. College of Science and Engineering. School of Informatics.}
}

@article{maietti2005,
  title={Predicative exponentiation of locally compact formal topologies over inductively generated topologies},
  author={Maietti, Maria Emilia},
  journal={From Sets and Types to Topology and Analysis: Towards Practicable Foundations of Constructive Mathematics},
  number={48},
  pages={202--222},
  year={2005}
}

@article{escardo2004,
  title={Synthetic topology: of data types and classical spaces},
  author={Escard{\'o}, Mart{\'\i}n},
  journal={Electronic Notes in Theoretical Computer Science},
  volume={87},
  pages={21--156},
  year={2004},
  publisher={Elsevier}
}

@book{topologyvialogic,
  title={Topology via logic},
  author={Vickers, Steven},
  year={1989},
  publisher={Cambridge University Press}
}

@article{coquand2003,
  title={Inductively generated formal topologies},
  author={Coquand, Thierry and Sambin, Giovanni and Smith, Jan and Valentini, Silvio},
  journal={Annals of Pure and Applied Logic},
  volume={124},
  number={1},
  pages={71--106},
  year={2003},
  publisher={Elsevier}
}

@article{sambin2000,
  title={Formal topology and domains},
  author={Sambin, Giovanni},
  journal={Electronic notes in theoretical computer science},
  volume={35},
  pages={177--190},
  year={2000},
  publisher={Elsevier}
}

@article{vickers2011,
  title={A monad of valuation locales},
  author={Vickers, Steven},
  journal={Preprint at http://www. cs. bham. ac. uk/sjv/Riesz. pdf},
  year={2011}
}

@article{palmgren2007,
  title={A constructive and functorial embedding of locally compact metric spaces into locales},
  author={Palmgren, Erik},
  journal={Topology and its Applications},
  volume={154},
  number={9},
  pages={1854--1880},
  year={2007},
  publisher={Elsevier},
}

@incollection{oconnor2008,
  title={Certified exact transcendental real number computation in Coq},
  author={O'Connor, Russell},
  booktitle={Theorem Proving in Higher Order Logics},
  pages={246--261},
  year={2008},
  publisher={Springer}
}

@article{schroder2007,
  title={Admissible representations for probability measures},
  author={Schr{\"o}der, Matthias},
  journal={Mathematical Logic Quarterly},
  volume={53},
  number={4-5},
  pages={431--445},
  year={2007},
  publisher={Wiley Online Library}
}

@article{weihrauch2014,
  title={Representations of measurable sets in computable measure theory},
  author={Weihrauch, Klaus and Tavana-Roshandel, Nazanin},
  journal={arXiv preprint arXiv:1407.3485},
  year={2014}
}

@article{collins2014,
  title={Computable stochastic processes},
  author={Collins, Pieter},
  journal={arXiv preprint arXiv:1409.4667},
  year={2014}
}

@article{kraus2014,
  title={Notions of anonymous existence in Martin-L{\"o}f type theory},
  author={Kraus, Nicolai and Escard{\'o}, Mart{\'\i}n and Coquand, Thierry and Altenkirch, Thorsten},
  journal={Submitted for publication},
  year={2014},
  publisher={Citeseer}
}

@inproceedings{coquand1992,
  title={Pattern matching with dependent types},
  author={Coquand, Thierry},
  booktitle={Proceedings of the Workshop on Types for Proofs and Program},
  pages={66--79},
  year={1992},
}

@article{vickersmetric,
  title={Localic completion of generalized metric spaces {I}},
  author={Vickers, Steven},
  journal={Theory and Applications of Categories},
  volume={14},
  number={15},
  pages={328--356},
  year={2005},
  publisher={University of Birmingham}
}

@article{dijkstra,
  title={Nondeterminacy and Formal Derivation of Programs},
  author={Dijkstra, Edsger W.},
  journal={Comm. ACM},
  volume={18},
  number={8},
  pages={453--457},
  year={1975}
}

@inproceedings{dreal,
  title={Delta-decidability over the reals},
  author={Gao, Sicun and Avigad, Jeremy and Clarke, Edmund M},
  booktitle={Logic in Computer Science (LICS), 2012 27th Annual IEEE Symposium on},
  pages={305--314},
  year={2012},
  organization={IEEE}
}

@article{lesnik,
  title={Synthetic Topology and Constructive Metric Spaces},
  author={Le{\v{s}}nik, Davorin},
  journal={Diss. University of Ljubljana},
  year={2010}
}

@inproceedings{palmgren2003,
  title={Predicativity problems in point-free topology},
  author={Palmgren, Erik},
  booktitle={Proceedings of the Annual European Summer Meeting of the Association for Symbolic Logic, held in Helsinki, Finland},
  pages={221--231},
  year={2003}
}

@article{vickersdoublepowerlocale,
  title={The double powerlocale and exponentiation: a case study in geometric logic},
  author={Vickers, Steven},
  journal={Theory and Applications of Categories},
  volume={12},
  number={13},
  pages={372--422},
  year={2004},
  publisher={TAC}
}

@article{continuoustruth,
  title={Continuous Truth {I}: Non-constructive Objects},
  author={Fourman, Michael P},
  journal={Studies in Logic and the Foundations of Mathematics},
  volume={112},
  pages={161--180},
  year={1984},
  publisher={Elsevier}
}

@article{lamcra,
  title={A lambda calculus for real analysis},
  author={Taylor, Paul},
  journal={Journal of Logic and Analysis},
  volume={2},
  year={2010}
}

@article{sublocFT,
  title={Sublocales in formal topology},
  author={Vickers, Steven},
  journal={The Journal of Symbolic Logic},
  volume={72},
  number={02},
  pages={463--482},
  year={2007},
  publisher={Cambridge Univ Press}
}

@article{vickersmetric2,
  title={Localic completion of generalized metric spaces II: Powerlocales},
  author={Vickers, Steven},
  journal={Journal of Logic and Analysis},
  volume={1},
  year={2009}
}

@article{whypointfree,
  title={Why topology in the minimalist foundation must be pointfree},
  author={Maietti, Maria Emilia and Sambin, Giovanni},
  journal={Logic and Logical Philosophy},
  volume={22},
  number={2},
  pages={167--199},
  year={2013}
}

@incollection{toolbox,
  title={Building up a toolbox for {M}artin-{L}\"of intuitionistic type theory: subset theory},
  author={Sambin, Giovanni and Valentini, Silvio},
  booktitle={Twenty-five years of Constructive Type Theory},
  pages={221--244},
  year={1998},
  editor={Sambin, Giovanni and Smith, Jan},
  publisher={Oxford Logic Guides}
}

@book{kleenemetamathematics,
  title={Introduction to metamathematics},
  author={Kleene, Stephen Cole},
  year={1952},
  publisher={North-Holland}
}

@article{priest,
  title={The logic of paradox},
  author={Priest, Graham},
  journal={Journal of Philosophical logic},
  volume={8},
  number={1},
  pages={219--241},
  year={1979},
  publisher={Springer}
}

@InCollection{sep-logic-manyvalued,
	author       =	{Gottwald, Siegfried},
	title        =	{Many-Valued Logic},
	booktitle    =	{The Stanford Encyclopedia of Philosophy},
	editor       =	{Edward N. Zalta},
	howpublished =	{\url{https://plato.stanford.edu/archives/spr2015/entries/logic-manyvalued/}},
	year         =	{2015},
	edition      =	{Spring 2015},
	publisher    =	{Metaphysics Research Lab, Stanford University}
}


@article{vickersconnected,
  title={The connected {V}ietoris powerlocale},
  author={Vickers, Steven},
  journal={Topology and its Applications},
  volume={156},
  number={11},
  pages={1886--1910},
  year={2009},
  publisher={Elsevier}
}

@book{johnstonetopos,
  title={Topos theory},
  author={Johnstone, Peter T},
  year={1977},
  publisher={Academic Press}
}

@inproceedings{escardoinfinite,
  title={Infinite sets that admit fast exhaustive search},
  author={Escard{\'o}, Mart{\'\i}n},
  booktitle={22nd Annual IEEE Symposium on Logic in Computer Science (LICS 2007)},
  pages={443--452},
  year={2007},
  organization={IEEE}
}

@inproceedings{simpson1998lazy,
  title={Lazy functional algorithms for exact real functionals},
  author={Simpson, Alex K},
  booktitle={International Symposium on Mathematical Foundations of Computer Science},
  pages={456--464},
  year={1998},
  organization={Springer}
}
