@book{jaynes2003,
  title={Probability theory: the logic of science},
  author={Jaynes, Edwin T},
  year={2003},
  publisher={Cambridge university press}
}

@book{bishop1973,
  title={Schizophrenia in contemporary mathematics},
  author={Bishop, Errett},
  year={1973},
  publisher={American Mathematical Society}
}

@article{jones1990,
  title={Probabilistic non-determinism},
  author={Jones, Claire},
  year={1990},
  publisher={University of Edinburgh. College of Science and Engineering. School of Informatics.}
}

@article{maietti2005,
  title={Predicative exponentiation of locally compact formal topologies over inductively generated topologies},
  author={Maietti, Maria Emilia},
  journal={From Sets and Types to Topology and Analysis: Towards Practicable Foundations of Constructive Mathematics},
  number={48},
  pages={202--222},
  year={2005}
}

@article{escardo2004,
  title={Synthetic topology: of data types and classical spaces},
  author={Escard{\'o}, Mart{\'\i}n},
  journal={Electronic Notes in Theoretical Computer Science},
  volume={87},
  pages={21--156},
  year={2004},
  publisher={Elsevier}
}

@book{vickers1989,
  title={Topology via logic},
  author={Vickers, Steven},
  year={1989},
  publisher={Cambridge University Press}
}

@article{coquand2003,
  title={Inductively generated formal topologies},
  author={Coquand, Thierry and Sambin, Giovanni and Smith, Jan and Valentini, Silvio},
  journal={Annals of Pure and Applied Logic},
  volume={124},
  number={1},
  pages={71--106},
  year={2003},
  publisher={Elsevier}
}

@article{sambin2000,
  title={Formal topology and domains},
  author={Sambin, Giovanni},
  journal={Electronic notes in theoretical computer science},
  volume={35},
  pages={177--190},
  year={2000},
  publisher={Elsevier}
}

@article{vickers2011,
  title={A monad of valuation locales},
  author={Vickers, Steven},
  journal={Preprint at http://www.cs.bham.ac.uk/sjv/Riesz.pdf},
  year={2011}
}

@article{palmgren2007,
  title={A constructive and functorial embedding of locally compact metric spaces into locales},
  author={Palmgren, Erik},
  journal={Topology and its Applications},
  volume={154},
  number={9},
  pages={1854--1880},
  year={2007},
  publisher={Elsevier},
  note={Also see slides at http://staff.math.su.se/palmgren/Ljubljana-tutorial-EP.pdf}
}

@incollection{oconnor2008,
  title={Certified exact transcendental real number computation in Coq},
  author={O'Connor, Russell},
  booktitle={Theorem Proving in Higher Order Logics},
  pages={246--261},
  year={2008},
  publisher={Springer}
}

@article{schroder2007,
  title={Admissible representations for probability measures},
  author={Schr{\"o}der, Matthias},
  journal={Mathematical Logic Quarterly},
  volume={53},
  number={4-5},
  pages={431--445},
  year={2007},
  publisher={Wiley Online Library}
}

@article{weihrauch2014,
  title={Representations of measurable sets in computable measure theory},
  author={Weihrauch, Klaus and Tavana-Roshandel, Nazanin},
  journal={arXiv preprint arXiv:1407.3485},
  year={2014}
}

@article{collins2014,
  title={Computable stochastic processes},
  author={Collins, Pieter},
  journal={arXiv preprint arXiv:1409.4667},
  year={2014}
}

@article{kraus2014,
  title={Notions of anonymous existence in Martin-L{\"o}f type theory},
  author={Kraus, Nicolai and Escard{\'o}, Mart{\'\i}n and Coquand, Thierry and Altenkirch, Thorsten},
  journal={Submitted for publication},
  year={2014},
  publisher={Citeseer}
}

@article{simpson2012,
  title={Measure, randomness and sublocales},
  author={Simpson, Alex},
  journal={Annals of Pure and Applied Logic},
  volume={163},
  number={11},
  pages={1642--1659},
  year={2012},
  publisher={Elsevier}
}

@article{shan2016,
  title={Exact Bayesian Inference by Symbolic Disintegration},
  author={Shan, Chung-chieh and Ramsey, Norman},
  journal={Preprint at http://homes.soic.indiana.edu/ccshan/rational/disintegrator.pdf},
  year={2016}
}

@article{vickersGeoThDB,
  title={Geometric theories and databases},
  author={Vickers, Steven},
  journal={Applications of Categories in Computer Science (Durham, 1991)},
  volume={177},
  pages={288--314},
  year={1992}
}
